<?xml version="1.0" encoding="UTF-8"?><record xmlns="http://www.loc.gov/MARC21/slim" xmlns:cinclude="http://apache.org/cocoon/include/1.0" xmlns:zs="http://www.loc.gov/zing/srw/">
  <leader>00556cz  a2200169n  4500</leader>
  <controlfield tag="001">no2004007919</controlfield>
  <controlfield tag="003">DLC</controlfield>
  <controlfield tag="005">20130322100659.0</controlfield>
  <controlfield tag="008">040128n| azannaab           |a aaa     c</controlfield>
  <datafield tag="010" ind1=" " ind2=" ">
    <subfield code="a">no2004007919</subfield>
  </datafield>
  <datafield tag="035" ind1=" " ind2=" ">
    <subfield code="a">(OCoLC)oca06257347</subfield>
  </datafield>
  <datafield tag="040" ind1=" " ind2=" ">
    <subfield code="a">OOC</subfield>
    <subfield code="b">eng</subfield>
    <subfield code="e">rda</subfield>
    <subfield code="c">OOC</subfield>
    <subfield code="d">DLC</subfield>
  </datafield>
  <datafield tag="046" ind1=" " ind2=" ">
    <subfield code="f">1901</subfield>
  </datafield>
  <datafield tag="100" ind1="1" ind2=" ">
    <subfield code="a">Rogerson, Davie,</subfield>
    <subfield code="d">1901-</subfield>
  </datafield>
  <datafield tag="400" ind1="1" ind2=" ">
    <subfield code="a">Rogerson, David,</subfield>
    <subfield code="d">1901-</subfield>
  </datafield>
  <datafield tag="400" ind1="1" ind2=" ">
    <subfield code="w">nnea</subfield>
    <subfield code="a">Rogerson, Davie,</subfield>
    <subfield code="d">b. 1901</subfield>
  </datafield>
  <datafield tag="670" ind1=" " ind2=" ">
    <subfield code="a">Ranting &amp; reeling [SR] p1998:</subfield>
    <subfield code="b">label (Davie Rogerson) booklet (David Rogerson; Davie; b. 1901, Whitsun Hill Head, Dumfriesshire; fiddler)</subfield>
  </datafield>
</record>